@misc{worldbank2022,
  title = {World Development Indicators},
  author = {{World Bank}},
  year = {2022},
  url = {https://databank.worldbank.org/source/world-development-indicators}
}

@misc{mckinsey2023pixels,
  title        = {Pixels of Progress: Chapter 3},
  author       = {{McKinsey Global Institute}},
  year         = {2023},
  howpublished = {\url{https://www.mckinsey.com/mgi/our-research/pixels-of-progress-chapter-3}},
  note         = {Accessed: October 7, 2024}
}

@misc{ourworldindata_education2023,
  title        = {Total government expenditure on education (% of GDP)},
  author       = {{Our World in Data}},
  year         = {2023},
  howpublished = {\url{https://ourworldindata.org/grapher/total-government-expenditure-on-education-gdp}},
  note         = {Accessed: October 7, 2024}
}
